@article{Barkan2023ForecastingNetworks,
    title = {{Forecasting CPI inflation components with Hierarchical Recurrent Neural Networks}},
    year = {2023},
    journal = {International Journal of Forecasting},
    author = {Barkan, Oren and Benchimol, Jonathan and Caspi, Itamar and Cohen, Eliya and Hammer, Allon and Koenigstein, Noam},
    number = {3},
    volume = {39},
    doi = {10.1016/j.ijforecast.2022.04.009},
    issn = {01692070}
}

@article{Medeiros2021ForecastingMethods,
    title = {{Forecasting Inflation in a Data-Rich Environment: The Benefits of Machine Learning Methods}},
    year = {2021},
    journal = {Journal of Business and Economic Statistics},
    author = {Medeiros, Marcelo C. and Vasconcelos, Gabriel F.R. and Veiga, Álvaro and Zilberman, Eduardo},
    number = {1},
    volume = {39},
    doi = {10.1080/07350015.2019.1637745},
    issn = {15372707}
}

@article{McCracken2016FRED-MD:Research,
    title = {{FRED-MD: A Monthly Database for Macroeconomic Research}},
    year = {2016},
    journal = {Journal of Business and Economic Statistics},
    author = {McCracken, Michael W. and Ng, Serena},
    number = {4},
    volume = {34},
    doi = {10.1080/07350015.2015.1086655},
    issn = {15372707}
}

@article{GouletCoulombe2022HowForecasting,
    title = {{How is machine learning useful for macroeconomic forecasting?}},
    year = {2022},
    journal = {Journal of Applied Econometrics},
    author = {Goulet Coulombe, Philippe and Leroux, Maxime and Stevanovic, Dalibor and Surprenant, Stéphane},
    number = {5},
    volume = {37},
    doi = {10.1002/jae.2910},
    issn = {10991255}
}

@misc{Sala-i-Martin1997IRegressions,
    title = {{I Just Ran Two Million Regressions}},
    year = {1997},
    booktitle = {American Economic Review},
    author = {Sala-i-Martin, Xavier X.},
    number = {2},
    volume = {87},
    issn = {00028282}
}

@article{Nakamura2005InflationNetwork,
    title = {{Inflation forecasting using a neural network}},
    year = {2005},
    journal = {Economics Letters},
    author = {Nakamura, Emi},
    number = {3},
    volume = {86},
    doi = {10.1016/j.econlet.2004.09.003},
    issn = {01651765}
}

@article{Forbes2022LowWorld,
    title = {{Low Inflation Bends the Phillips Curve around the World}},
    year = {2022},
    journal = {Economia},
    author = {Forbes, Kristin J. and Gagnon, Joseph E. and Collins, Christopher G.},
    number = {89},
    volume = {45},
    doi = {10.18800/economia.202201.003},
    issn = {0254-4415}
}

@article{Chakraborty2017MachineBanks,
    title = {{Machine Learning at Central Banks}},
    year = {2017},
    journal = {SSRN Electronic Journal},
    author = {Chakraborty, Chiranjit and Joseph, Andreas},
    doi = {10.2139/ssrn.3031796}
}

@article{Jorda2016MacrofinancialFacts,
    title = {{Macrofinancial history and the new business cycle facts}},
    year = {2016},
    journal = {NBER Macroeconomics Annual},
    author = {Jord{\`{a}}, Òscar and Schularick, Moritz and Taylor, Alan M.},
    number = {1},
    volume = {31},
    doi = {10.1086/690241},
    issn = {15372642}
}

@article{Richardson2021NowcastingAssessment,
    title = {{Nowcasting GDP using machine-learning algorithms: A real-time assessment}},
    year = {2021},
    journal = {International Journal of Forecasting},
    author = {Richardson, Adam and van Florenstein Mulder, Thomas and Vehbi, Tuğrul},
    number = {2},
    volume = {37},
    doi = {10.1016/j.ijforecast.2020.10.005},
    issn = {01692070}
}

@inproceedings{Kleinberg2015PredictionProblems,
    title = {{Prediction policy problems}},
    year = {2015},
    booktitle = {American Economic Review},
    author = {Kleinberg, Jon and Ludwig, Jens and Mullainathan, Sendhil and Obermeyer, Ziad},
    number = {5},
    volume = {105},
    doi = {10.1257/aer.p20151023},
    issn = {19447981}
}

@article{GouletCoulombe2024TheForest,
    title = {{The macroeconomy as a random forest}},
    year = {2024},
    journal = {Journal of Applied Econometrics},
    author = {Goulet Coulombe, Philippe},
    number = {3},
    volume = {39},
    doi = {10.1002/jae.3030},
    issn = {10991255}
}

@article{Diebold1998TheForecasting,
    title = {{The Past, Present, and Future of Macroeconomic Forecasting}},
    year = {1998},
    journal = {Journal of Economic Perspectives},
    author = {Diebold, Francis X.},
    number = {2},
    volume = {12},
    doi = {10.1257/jep.12.2.175},
    issn = {08953309}
}

@article{Webb2005TwoForecasting,
    title = {{Two Approaches to Macroeconomic Forecasting}},
    year = {2005},
    journal = {Economic Quarterly-Federal Reserve Bank of Richmond},
    author = {Webb, Roy H.},
    number = {3},
    volume = {85}
}

@article{Kohlscheen2021WhatInflation,
    title = {{What does machine learning say about the drivers of inflation?}},
    year = {2021},
    journal = {SSRN Electronic Journal},
    author = {Kohlscheen, Emanuel},
    doi = {10.2139/ssrn.3949352}
}